<?xml version="1.0" encoding="UTF-8"?><collection xmlns="http://www.loc.gov/MARC21/slim"><record><leader>00538nam--2200193-i-4500</leader><controlfield tag="001">000014280</controlfield><controlfield tag="002">20161230</controlfield><controlfield tag="005">20161230201030</controlfield><controlfield tag="008">060222s1000------------r-----000-0-rum-d</controlfield><datafield ind1=" " ind2=" " tag="040"><subfield code="a">IFIN-HH</subfield></datafield><datafield ind1=" " ind2=" " tag="041"><subfield code="a">rum</subfield></datafield><datafield ind1=" " ind2=" " tag="080"><subfield code="a">523.72:62O.92:621.472</subfield></datafield><datafield ind1="1" ind2=" " tag="100"><subfield code="a">Sabata, De C</subfield></datafield><datafield ind1="1" ind2="0" tag="245"><subfield code="a">Bazele fizice ale conversiei energiei solare</subfield><subfield code="c">C. de sabata, m. borneas, b. rothenstein, a. munteanu</subfield></datafield><datafield ind1=" " ind2=" " tag="260"><subfield code="a">Timisoara</subfield><subfield code="b">Editura Facla</subfield><subfield code="c">1982</subfield></datafield><datafield ind1=" " ind2=" " tag="300"><subfield code="a">272 P</subfield></datafield><datafield ind1="1" ind2=" " tag="700"><subfield code="a">Munteanu, A</subfield></datafield><datafield ind1=" " ind2=" " tag="852"><subfield code="a">70332</subfield><subfield code="c">523</subfield></datafield><datafield ind1=" " ind2=" " tag="CAT"><subfield code="a">Sys</subfield><subfield code="c">20141204</subfield><subfield code="h">163021</subfield></datafield></record></collection>